<mx:record xmlns="http://www.w3.org/TR/xhtml1/strict" xmlns:mx="http://www.loc.gov/MARC21/slim" xmlns:xsi="http://www.w3.org/2001/XMLSchema-instance"><mx:leader>00037cz  2200037n  45 0</mx:leader><mx:controlfield tag="001">oca04130578 </mx:controlfield><mx:controlfield tag="005">20040124093808.0</mx:controlfield><mx:controlfield tag="008">960730n| acannaab           |a aaa      </mx:controlfield><mx:datafield ind1=" " ind2=" " tag="010"><mx:subfield code="a">n  96073709</mx:subfield></mx:datafield><mx:datafield ind1=" " ind2=" " tag="040"><mx:subfield code="a">DLC</mx:subfield><mx:subfield code="c">DLC</mx:subfield><mx:subfield code="d">DLC</mx:subfield></mx:datafield><mx:datafield ind1="0" ind2="0" tag="100"><mx:subfield code="a">Ignatios,</mx:subfield><mx:subfield code="c">the Deacon,</mx:subfield><mx:subfield code="d">ca. 775-ca. 848</mx:subfield></mx:datafield><mx:datafield ind1="0" ind2="0" tag="400"><mx:subfield code="a">Ignatios,</mx:subfield><mx:subfield code="c">of Nicaea,</mx:subfield><mx:subfield code="d">ca. 775-ca. 848</mx:subfield></mx:datafield><mx:datafield ind1="0" ind2=" " tag="400"><mx:subfield code="a">Ignatios,</mx:subfield><mx:subfield code="c">Diakonos,</mx:subfield><mx:subfield code="d">ca. 775-ca. 848</mx:subfield></mx:datafield><mx:datafield ind1=" " ind2=" " tag="670"><mx:subfield code="a">The correspondence of Ignatios, the Deacon, 1997:</mx:subfield><mx:subfield code="b">CIP t.p. (Ignatios, the Deacon) CIP galley (Ignatios of Nicaea; deacon and skevophylax of the Great Church of Constantinople; b. ca. 775-780; d. shortly after 847)</mx:subfield></mx:datafield><mx:datafield ind1=" " ind2=" " tag="675"><mx:subfield code="a">Dict. of Christian biog, lit., sects, and doctrines, 1877.</mx:subfield></mx:datafield><mx:datafield ind1=" " ind2=" " tag="670"><mx:subfield code="a">Ignatios Diakonos und die Vita ... 1997.</mx:subfield></mx:datafield><mx:datafield ind1=" " ind2=" " tag="999"><mx:subfield code="a">250</mx:subfield></mx:datafield></mx:record>